<record><leader>00000cas a22000007a 4500</leader><controlfield tag="001">14288728</controlfield><controlfield tag="008">861001d18421842laudr ne      0    0eng d</controlfield><datafield ind1=" " ind2=" " tag="010"><subfield code="a">sn 86053728 </subfield></datafield><datafield ind1=" " ind2=" " tag="040"><subfield code="a">NPX</subfield><subfield code="b">eng</subfield><subfield code="c">NPX</subfield><subfield code="d">LNP</subfield><subfield code="d">OCLCQ</subfield><subfield code="d">DLC</subfield><subfield code="d">OCLCF</subfield><subfield code="d">OCLCA</subfield></datafield><datafield ind1=" " ind2=" " tag="042"><subfield code="a">msc</subfield></datafield><datafield ind1=" " ind2=" " tag="043"><subfield code="a">n-us-la</subfield></datafield><datafield ind1="0" ind2="0" tag="050"><subfield code="a">Newspaper</subfield></datafield><datafield ind1="0" ind2="0" tag="245"><subfield code="a">Morning herald &amp; Jeffersonian.</subfield></datafield><datafield ind1="3" ind2="0" tag="246"><subfield code="a">Morning herald and Jeffersonian</subfield></datafield><datafield ind1="1" ind2="3" tag="246"><subfield code="a">Herald &amp; Jeffersonian</subfield></datafield><datafield ind1=" " ind2=" " tag="260"><subfield code="a">New Orleans [La.] :</subfield><subfield code="b">Richard Rust &amp; S.A. Montgomery</subfield></datafield><datafield ind1=" " ind2=" " tag="300"><subfield code="a">v.</subfield></datafield><datafield ind1=" " ind2=" " tag="310"><subfield code="a">Daily</subfield></datafield><datafield ind1="1" ind2=" " tag="362"><subfield code="a">Began and ceased in 1842.</subfield></datafield><datafield ind1=" " ind2=" " tag="500"><subfield code="a">Published simultaneously at New Orleans and Lafayette City, La.</subfield></datafield><datafield ind1=" " ind2=" " tag="588"><subfield code="a">Description based on: Vol. 2, no. 27 (Oct. 19, 1842).</subfield></datafield><datafield ind1=" " ind2="0" tag="651"><subfield code="a">New Orleans (La.)</subfield><subfield code="v">Newspapers.</subfield></datafield><datafield ind1=" " ind2="7" tag="655"><subfield code="a">Newspapers.</subfield><subfield code="2">fast</subfield><subfield code="0">(OCoLC)fst01423814</subfield></datafield><datafield ind1=" " ind2="7" tag="651"><subfield code="a">Louisiana</subfield><subfield code="z">New Orleans.</subfield><subfield code="2">fast</subfield><subfield code="0">(OCoLC)fst01204311</subfield></datafield><datafield ind1=" " ind2=" " tag="752"><subfield code="a">United States</subfield><subfield code="b">Louisiana</subfield><subfield code="c">Orleans</subfield><subfield code="d">New Orleans.</subfield></datafield><datafield ind1=" " ind2=" " tag="752"><subfield code="a">United States</subfield><subfield code="b">Louisiana</subfield><subfield code="c">Jefferson</subfield><subfield code="d">Lafayette City.</subfield></datafield><datafield ind1="0" ind2=" " tag="775"><subfield code="t">Jeffersonian (New Orleans, La. : 1842 : Weekly)</subfield><subfield code="w">(DLC)sn 86086472</subfield></datafield><datafield ind1="0" ind2="0" tag="780"><subfield code="t">Jeffersonian (New Orleans, La. : 1842 : Daily)</subfield><subfield code="w">(DLC)sn 86053731</subfield></datafield><datafield ind1="0" ind2="0" tag="785"><subfield code="t">Morning herald (New Orleans, La.)</subfield><subfield code="w">(DLC)sn 86053729</subfield></datafield></record>